@article{koopman1932dynamical,
  title={Dynamical systems of continuous spectra},
  author={Koopman, BO and Neumann, J v},
  journal={Proceedings of the National Academy of Sciences of the United States of America},
  volume={18},
  number={3},
  pages={255},
  year={1932},
  publisher={National Academy of Sciences}
}
@article{IM04,
title = "Comparison of systems with complex behavior",
journal = "Physica D: Nonlinear Phenomena",
volume = "197",
number = "1",
pages = "101 - 133",
year = "2004",
issn = "0167-2789",
doi = "https://doi.org/10.1016/j.physd.2004.06.015",
url = "http://www.sciencedirect.com/science/article/pii/S0167278904002507",
author = "Igor MeziÄ‡ and Andrzej Banaszuk",
}
@Article{IM05,
author="Mezi{\'{c}}, Igor",
title="Spectral Properties of Dynamical Systems, Model Reduction and Decompositions",
journal="Nonlinear Dynamics",
year="2005",
month="Aug",
day="01",
volume="41",
number="1",
pages="309--325",
}